<?xml version="1.0" encoding="UTF-8"?><collection xmlns="http://www.loc.gov/MARC21/slim"><record><leader>00556nam--2200133-i-4500</leader><controlfield tag="001">000043741</controlfield><controlfield tag="002">20161230</controlfield><controlfield tag="005">20161230201044</controlfield><controlfield tag="008">060222s1000------------r-----000-0-eng-d</controlfield><datafield ind1=" " ind2=" " tag="080"><subfield code="a">550.34</subfield></datafield><datafield ind1=" " ind2=" " tag="245"><subfield code="a">Strumentazione geofisica dell`enel. estratto da: commissione cnel-enel par lo studio dei problemi sismici conessi con la realizzazione di impianti nucleari contributo allo studio del terremoto del friuli del maggio 1976 - roma, nov.1976</subfield></datafield><datafield ind1=" " ind2=" " tag="260"><subfield code="a">Roma, 1977, /113-125/P</subfield></datafield><datafield ind1=" " ind2=" " tag="490"><subfield code="a">Enel. Direzione Delle Constuzione Servizio Geotecnico</subfield></datafield><datafield ind1=" " ind2=" " tag="852"><subfield code="a">48229</subfield></datafield></record></collection>